<record><leader>00000cas a2200000 a 4500</leader><controlfield tag="001">11219754</controlfield><controlfield tag="008">841002d19841990txudr ne      0   a0eng c</controlfield><datafield ind1=" " ind2=" " tag="010"><subfield code="a">sn 84002246 </subfield></datafield><datafield ind1=" " ind2=" " tag="040"><subfield code="a">NSD</subfield><subfield code="b">eng</subfield><subfield code="c">NSD</subfield><subfield code="d">DLC</subfield><subfield code="d">NSD</subfield><subfield code="d">PPM</subfield><subfield code="d">DLC</subfield><subfield code="d">PPM</subfield><subfield code="d">NSD</subfield><subfield code="d">DLC</subfield><subfield code="d">OCLCQ</subfield><subfield code="d">OCLCF</subfield><subfield code="d">OCLCO</subfield></datafield><datafield ind1=" " ind2=" " tag="012"><subfield code="j">1</subfield><subfield code="m">d</subfield></datafield><datafield ind1="1" ind2=" " tag="022"><subfield code="a">8750-3115</subfield><subfield code="l">8750-3115</subfield><subfield code="2">1</subfield></datafield><datafield ind1="1" ind2=" " tag="029"><subfield code="a">AU@</subfield><subfield code="b">000020339843</subfield></datafield><datafield ind1="1" ind2=" " tag="029"><subfield code="a">NZ1</subfield><subfield code="b">16076350</subfield></datafield><datafield ind1=" " ind2=" " tag="037"><subfield code="b">Express-News, P.O. Box 2171, San Antonio, TX 78297</subfield></datafield><datafield ind1=" " ind2=" " tag="042"><subfield code="a">nsdp</subfield><subfield code="a">pcc</subfield></datafield><datafield ind1=" " ind2=" " tag="043"><subfield code="a">n-us-tx</subfield></datafield><datafield ind1="0" ind2="0" tag="050"><subfield code="a">Newspaper</subfield></datafield><datafield ind1=" " ind2="4" tag="082"><subfield code="a">071.764</subfield></datafield><datafield ind1="0" ind2=" " tag="130"><subfield code="a">Express-news (San Antonio, Tex.)</subfield></datafield><datafield ind1=" " ind2="0" tag="222"><subfield code="a">Express-news</subfield><subfield code="b">(San Antonio, Tex.)</subfield></datafield><datafield ind1="0" ind2="0" tag="245"><subfield code="a">Express-news.</subfield></datafield><datafield ind1="1" ind2="0" tag="246"><subfield code="a">Express news</subfield></datafield><datafield ind1="1" ind2="0" tag="246"><subfield code="a">Sunday express news</subfield></datafield><datafield ind1="0" ind2="7" tag="246"><subfield code="a">San Antonio express-news</subfield></datafield><datafield ind1=" " ind2=" " tag="260"><subfield code="a">San Antonio, Tex. :</subfield><subfield code="b">Express-News Corp.,</subfield><subfield code="c">1984-1990.</subfield></datafield><datafield ind1=" " ind2=" " tag="300"><subfield code="a">v. :</subfield><subfield code="b">ill. ;</subfield><subfield code="c">58 cm.</subfield></datafield><datafield ind1=" " ind2=" " tag="310"><subfield code="a">Daily</subfield></datafield><datafield ind1="0" ind2=" " tag="362"><subfield code="a">Vol. 119, no. 245 (Sept. 10, 1984)-125th year, no. 227 (May 11, 1990).</subfield></datafield><datafield ind1=" " ind2=" " tag="500"><subfield code="a">On Sunday published as: Sunday express-news.</subfield></datafield><datafield ind1=" " ind2=" " tag="530"><subfield code="a">Also available on microfilm from University Microfilms International.</subfield></datafield><datafield ind1=" " ind2="0" tag="651"><subfield code="a">San Antonio (Tex.)</subfield><subfield code="v">Newspapers.</subfield></datafield><datafield ind1=" " ind2="7" tag="655"><subfield code="a">Newspapers.</subfield><subfield code="2">fast</subfield><subfield code="0">(OCoLC)fst01423814</subfield></datafield><datafield ind1=" " ind2="7" tag="651"><subfield code="a">Texas</subfield><subfield code="z">San Antonio.</subfield><subfield code="2">fast</subfield><subfield code="0">(OCoLC)fst01205169</subfield></datafield><datafield ind1=" " ind2=" " tag="752"><subfield code="a">United States</subfield><subfield code="b">Texas</subfield><subfield code="c">Bexar</subfield><subfield code="d">San Antonio.</subfield></datafield><datafield ind1="0" ind2="4" tag="780"><subfield code="t">San Antonio express (San Antonio, Tex. : 1911)</subfield><subfield code="w">(DLC)sn 86071253</subfield></datafield><datafield ind1="0" ind2="4" tag="780"><subfield code="t">News (San Antonio, Tex.)</subfield><subfield code="w">(DLC)sn 88084278</subfield></datafield><datafield ind1="0" ind2="0" tag="785"><subfield code="t">San Antonio express-news</subfield><subfield code="x">1065-7908</subfield><subfield code="w">(DLC)sn 92005358</subfield></datafield></record>